%%% BOOKS %%%
@book{freeman2016pro,
  title={Pro ASP. NET Core MVC},
  author={Freeman, Adam},
  year={2016},
  publisher={Apress}
}



%%% ONLINE %%%

@misc{dotnetcore,
	title = {{Home repository for .NET Core}},
	url = {https://github.com/dotnet/core},
	author = {{Microsoft and the .NET Community}},
	note = {[Accessed 28 April, 2017]}
}

@misc{razorengine,
	title = {{Introduction to ASP.NET Web Programming Using the Razor Syntax}},
	url = {https://docs.microsoft.com/en-us/aspnet/web-pages},
	author = {{Microsoft}},
	note = {[Accessed 29 April, 2017]}
}
